<?xml version="1.0" encoding="UTF-8"?><collection xmlns="http://www.loc.gov/MARC21/slim"><record><leader>00623nam--2200217-u-4500</leader><controlfield tag="001">000050319</controlfield><controlfield tag="002">20161230</controlfield><controlfield tag="005">20161230201048</controlfield><controlfield tag="008">060531s1000------------r-----000-0-eng-d</controlfield><datafield ind1=" " ind2=" " tag="020"><subfield code="a">0521837332</subfield></datafield><datafield ind1=" " ind2=" " tag="040"><subfield code="a">IFIN-HH</subfield></datafield><datafield ind1=" " ind2=" " tag="080"><subfield code="a">530.12:530.145:510.23</subfield></datafield><datafield ind1="1" ind2=" " tag="100"><subfield code="a">Rovelli, Carlo</subfield></datafield><datafield ind1="1" ind2="0" tag="245"><subfield code="a">Quantum Gravity</subfield><subfield code="c">Carlo Rovelli</subfield></datafield><datafield ind1=" " ind2=" " tag="260"><subfield code="a">Cambridge</subfield><subfield code="b">Cambridge University Press</subfield><subfield code="c">2004</subfield></datafield><datafield ind1=" " ind2=" " tag="300"><subfield code="a">xxiii, 455 p</subfield></datafield><datafield ind1=" " ind2=" " tag="490"><subfield code="a">Cambridge Monographs on Mathematical Physics</subfield></datafield><datafield ind1=" " ind2=" " tag="504"><subfield code="a">Contine Referinte bibliografice si Index</subfield></datafield><datafield ind1=" " ind2="4" tag="650"><subfield code="a">Quantum gravity</subfield></datafield><datafield ind1=" " ind2=" " tag="852"><subfield code="a">81630</subfield><subfield code="c">530.12</subfield></datafield><datafield ind1=" " ind2=" " tag="CAT"><subfield code="a">Sys</subfield><subfield code="c">20110324</subfield><subfield code="h">122803</subfield></datafield></record></collection>